<?xml version="1.0" encoding="UTF-8"?><collection xmlns="http://www.loc.gov/MARC21/slim"><record><leader>00713nam--2200205-u-4500</leader><controlfield tag="001">000053406</controlfield><controlfield tag="002">20161230</controlfield><controlfield tag="005">20161230201051</controlfield><controlfield tag="008">110329s1000------------r-----000-0-eng-d</controlfield><datafield ind1=" " ind2=" " tag="020"><subfield code="a">9783540735908</subfield></datafield><datafield ind1=" " ind2=" " tag="040"><subfield code="a">IFIN-HH</subfield></datafield><datafield ind1=" " ind2=" " tag="080"><subfield code="a">530.182:530.145</subfield></datafield><datafield ind1="1" ind2=" " tag="100"><subfield code="a">Kevrekidis, Panayotis G</subfield></datafield><datafield ind1="1" ind2="0" tag="245"><subfield code="a">Emergent nonlinear phenomena in bose-einstein condensates</subfield><subfield code="b">Theory and experiment</subfield><subfield code="c">Panayotis g. kevrekidis; dimitri j. frantzeskakis; rocardo carretero-gonzales (eds.)</subfield></datafield><datafield ind1=" " ind2=" " tag="260"><subfield code="a">Berlin</subfield><subfield code="b">Springer</subfield><subfield code="c">2008</subfield></datafield><datafield ind1=" " ind2=" " tag="300"><subfield code="a">402P</subfield></datafield><datafield ind1=" " ind2=" " tag="490"><subfield code="a">Springer Series On Atomic, Optical And Plasma Physics</subfield><subfield code="v">Vol. 45</subfield></datafield><datafield ind1="1" ind2=" " tag="700"><subfield code="a">Carretero-gonzales, Ricardo</subfield><subfield code="e">Ed</subfield></datafield><datafield ind1=" " ind2=" " tag="852"><subfield code="a">82197</subfield><subfield code="c">530.14</subfield></datafield><datafield ind1=" " ind2=" " tag="CAT"><subfield code="a">Sys</subfield><subfield code="c">20110329</subfield><subfield code="h">143943</subfield></datafield></record></collection>